

@inproceedings{mid-air,
  Author = {Michael Kranch and Joseph Bonneau},
	Booktitle = {Network and Distributed System Security Symposium (NDSS)},
  Title = {Upgrading {HTTPS} in Mid-Air: An Empirical Study of Strict Transport Security and Key Pinning},
  Year = {2015}
}

@article{ct-laurie,
  author = {Laurie, Ben},
  title = {Certificate Transparency},
  journal = {Commun. ACM},
  issue_date = {October 2014},
  volume = {57},
  number = {10},
  month = sep,
  year = {2014},
  xissn = {0001-0782},
  xpages = {40--46},
  xnumpages = {7},
  xurl = {http://doi.acm.org/10.1145/2659897},
  xdoi = {10.1145/2659897},
  xacmid = {2659897},
  xpublisher = {ACM},
  xaddress = {New York, NY, USA},
} 

@misc{zpaq,
  author = {Matt Mahoney},
  title = {{ZPAQ}: Incremental Journaling Backup Utility and Archiver},
  year = 2019,
  howpublished = {\url{http://www.mattmahoney.net/dc/zpaq.html}}
}

@misc{privatecomm,
  title = {Private communications},
  year = 2018
}

@inproceedings{ali2016blockstack,
  Author = {Ali, Muneeb and Nelson, Jude and Shea, Ryan and Freedman, Michael J},
  Booktitle = {USENIX Annual Technical Conference (ATC)},
  Month = {June},
  Title = {Blockstack: A Global Naming and Storage System Secured by Blockchains},
  Year = {2016}
}

@inproceedings{amann2013no,
  Author = {Bernhard Amann and Robin Sommer and Matthias Vallentin and Seth Hall},
  Booktitle = {Annual Computer Security Applications Conference (ACSAC)},
  Month = {December},
  Organization = {ACM},
  Pages = {179--188},
  Title = {No attack necessary: The surprising dynamics of {SSL} trust relationships},
  Year = {2013}
}

@inproceedings{basin2014arpki,
  Author = {David Basin and Cas Cremers and Tiffany Hyun-Jin Kim and Adrian Perrig and Ralf Sasse and Pawel Szalachowski},
  Booktitle = {{ACM SIGSAC} Conference on Computer and Communications Security (CCS)},
  Organization = {ACM},
  Pages = {382--393},
  Title = {{ARPKI}: Attack Resilient Public-Key Infrastructure},
  Year = {2014}
}

@inproceedings{bhargavan2017formal,
  Author = {Bhargavan, Karthikeyan and Delignat-Lavaud, Antoine and Kobeissi, Nadim},
  Booktitle = {Financial Cryptography and Data Security (FC)},
  Month = {April},
  Title = {Formal Modeling and Verification for Domain Validation and {ACME}},
  Year = {2017}
}

@article{bloom1970space,
  Author = {Bloom, Burton H.},
  Journal = {Communications of the ACM},
  Month = {July},
  Number = {7},
  Pages = {422--426},
  Title = {Space/time trade-offs in hash coding with allowable errors},
  Volume = {13},
  Year = {1970}
}

@misc{convergence,
  Author = {Moxie Marlinspike},
  Howpublished = {\url{http://www.youtube.com/watch?v=Z7Wl2FW2TcA}, BlackHat 2011},
  Month = {August},
  Title = {{SSL} and the Future of Authenticity},
  Year = {2011}
}

@inproceedings{crosby2009efficient,
  Author = {Scott A. Crosby and Dan S. Wallach},
  Booktitle = {USENIX Security Symposium},
  Month = {August},
  Pages = {317--334},
  Title = {Efficient Data Structures For Tamper-Evident Logging},
  Year = {2009}
}

@article{daciuk2000incremental,
  Author = {Daciuk, Jan and Mihov, Stoyan and Watson, Bruce W. and Watson, Richard E.},
  Journal = {Computational Linguistics},
  Month = {March},
  Number = {1},
  Pages = {3--16},
  Title = {Incremental Construction of Minimal Acyclic Finite-State Automata},
  Volume = {26},
  Year = {2000}
}

@article{daciuk2012smaller,
  Author = {Daciuk, Jan and Weiss, Dawid},
  Journal = {Theoretical Computer Science},
  Month = {September},
  Number = {7},
  Pages = {10--21},
  Title = {Smaller Representation of Finite State Automata},
  Volume = {450},
  Year = {2012}
}

@misc{dnib-14-1,
  Howpublished = {\url{https://www.verisign.com/assets/domain-name-report-Q42016.pdf}},
  Month = {February},
  Title = {The {V}erisign Domain Name Industry Brief},
  Year = {2017}
}

@inproceedings{durumeric2013analysis,
  Author = {Durumeric, Zakir and Kasten, James and Bailey, Michael and Halderman, J. Alex},
  Booktitle = {Internet Measurement Conference (IMC)},
  Month = oct,
  Title = {Analysis of the {HTTPS} Certificate Ecosystem},
  Year = 2013
}

@inproceedings{durumeric2013zmap,
  Author = {Durumeric, Zakir and Wustrow, Eric and Halderman, J Alex},
  Booktitle = {USENIX Security Symposium},
  Month = {August},
  Pages = {47--53},
  Title = {Z{M}ap: Fast {I}nternet-wide Scanning and Its Security Applications},
  Volume = {8},
  Year = {2013}
}

@inproceedings{durumeric2015search,
  Author = {Zakir Durumeric and David Adrian and Ariana Mirian and Michael Bailey and J. Alex Halderman},
  Booktitle = {{ACM SIGSAC} Conference on Computer and Communications Security (CCS)},
  Month = October,
  Title = {A Search Engine Backed by {I}nternet-Wide Scanning},
  Year = 2015
}

@misc{goodwin2015revoking,
  Author = {Goodwin, Mark},
  Howpublished = {\url{https://blog.mozilla.org/security/2015/03/03/revoking-intermediate-certificates-introducing-onecrl/}},
  Month = {March},
  Title = {Revoking Intermediate Certificates: Introducing {O}ne{CRL}},
  Year = {2015}
}

@inproceedings{kasten2013cage,
  Author = {Kasten, James and Wustrow, Eric and Halderman, J Alex},
  Booktitle = {Financial Cryptography and Data Security (FC)},
  Month = {April},
  Pages = {329--337},
  Publisher = {Springer},
  Title = {{CA}ge: Taming certificate authorities by inferring restricted scopes},
  Year = {2013}
}

@misc{keeler2012preloading,
  Author = {Keeler, David},
  Howpublished = {\url{https://blog.mozilla.org/security/2012/11/01/preloading-hsts/}},
  Month = {November},
  Title = {Preloading {HSTS}},
  Year = {2012}
}

@inproceedings{kim2013accountable,
  Author = {Tiffany Hyun-Jin Kim and Lin-Shung Huang and Adrian Perrig and Collin Jackson and Virgil Gligor},
  Booktitle = {International World Wide Web Conference (WWW)},
  Month = {May},
  Pages = {679--690},
  Title = {{A}ccountable {K}ey {I}nfrastructure ({AKI}): A Proposal for a Public-Key Validation Infrastructure},
  Year = {2013}
}

@misc{langley2012revocation,
  Author = {Adam Langley},
  Howpublished = {\url{https://www.imperialviolet.org/2012/02/05/crlsets.html}},
  Month = {February},
  Title = {Revocation checking and {C}hrome's {CRL}},
  Year = {2012}
}

@inproceedings{larisch2017crlite,
  Author = {Larisch, James and Choffnes, David and Levin, Dave and Maggs, Bruce M. and Mislove, Alan and Wilson, Christo},
  Booktitle = {IEEE Symposium on Security and Privacy (S\&P)},
  Month = {May},
  Title = {{CRL}ite: A Scalable System for Pushing All {TLS} Revocations to All Browsers},
  Year = {2017}
}

@misc{laurie2012revocation,
  Author = {Ben Laurie and Emilia Kasper},
  Howpublished = {\url{http://www.links.org/?p=1272}},
  Month = {September},
  Title = {Revocation Transparency},
  Year = {2012}
}

@misc{linden2006make,
  Author = {Linden, Greg},
  Howpublished = {Talk, Stanford University},
  Month = {November},
  Title = {Make Data Useful},
  Year = {2006}
}

@misc{marlinspike2009new,
	Author = {Moxie Marlinspike},
	Howpublished = {\url{http://www.thoughtcrime.org/software/sslstrip/}},
	Title = {New Tricks for Defeating {SSL} in Practice},
	Year = {2009}}

@misc{marlinspike2011ssl,
  Author = {Moxie Marlinspike},
  Howpublished = {\url{http://www.thoughtcrime.org/blog/ssl-and-the-future-of-authenticity}},
  Month = {April},
  Title = {{SSL} and the Future of Authenticity},
  Year = {2011}
}

@misc{marlinspike2013trust,
	Author = {Moxie Marlinspike and Trevor Perrin},
	Howpublished = {\url{https://tools.ietf.org/html/draft-perrin-tls-tack-02}, (work in progress)},
	Month = {January},
	Title = {Trust Assertions for Certificate Keys},
	Year = {2013}
}

@inproceedings{matsumoto2017ikp,
  Author = {Matsumoto, Stephanos and Reischuk, Raphael M.},
  Booktitle = {IEEE Symposium on Security and Privacy (S\&P)},
  Month = {May},
  Title = {{IKP}: Turning a {PKI} Around with Decentralized Automated Incentives},
  Year = {2017}
}

@article{merkle1988digital,
  Author = {Ralph C. Merkle},
  Journal = {Advances in Cryptology (CRYPTO)},
  Pages = {369-378},
  Title = {A Digital Signature Based on a Conventional Encryption Function},
  Year = {1988}
}

@inproceedings{naor1998certificate,
  Author = {Naor, Moni and Nissim, Kobbi},
  Booktitle = {USENIX Security Symposium},
  Month = {January},
  Title = {Certificate Revocation and Certificate Update},
  Year = {1998}
}

@misc{palmer2017intent,
  Author = {Palmer, Chris and Baldry, Rich and Meyer, Andrew and Eisinger, Jochen and Sleevi, Ryan and Byers, Rick and Hallam-Baker, Phillip and Lester, Ryan and Medley, Joe},
  Howpublished = {Chromium mailing list, \url{https://groups.google.com/a/chromium.org/forum/\#!topic/blink-dev/he9tr7p3rZ8}},
  Month = {October},
  Title = {Intent to Deprecate and Remove: Public-Key Pinning},
  Year = {2017}
}

@incollection{perl2014you,
  Author = {Perl, Henning and Fahl, Sascha and Smith, Matthew},
  Booktitle = {Financial Cryptography and Data Security},
  Pages = {307--315},
  Publisher = {Springer},
  Title = {You Won't Be Needing These Any More: On Removing Unused Certificates From Trust Stores},
  Year = {2014}
}

@misc{rfc1035,
  Author = {Mockapetris, Paul},
  Howpublished = {RFC 1035},
  Month = {November},
  Title = {Domain Names -- Implementation and Specification},
  Year = {1987}
}

@misc{rfc4033,
  Author = {Roy Arends and Rob Austein and Matt Larson and Dan Massey and Scott Rose},
  Howpublished = {RFC 4033},
  Month = {March},
  Title = {{DNS} Security Introduction and Requirements},
  Year = {2005}
}

@misc{rfc8446,
  Author = {Eric Rescorla},
  Howpublished = {RFC 8446},
  Month = {August},
  Title = {The {T}ransport {L}ayer {S}ecurity ({TLS}) Protocol Version 1.3},
  Year = {2018}
}

@misc{rfc5246,
  Author = {Tim Dierks and Eric Rescorla},
  Howpublished = {RFC 5246},
  Month = {August},
  Title = {The {T}ransport {L}ayer {S}ecurity ({TLS}) Protocol Version 1.2},
  Year = {2008}
}

@misc{rfc5280,
  Author = {David Cooper and Stefan Santesson and Stephen Farrell and Sharon Boeyen and Russell Housley and Tim Polk},
  Howpublished = {RFC 5280},
  Month = {May},
  Title = {Internet {X}.509 Public Key Infrastructure Certificate and Certificate Revocation List ({CRL}) Profile},
  Year = {2008}
}

@misc{rfc5891,
  Author = {Klensin, John C},
  Howpublished = {RFC 5891},
  Month = {August},
  Title = {Internationalized {D}omain {N}ames in {A}pplications ({IDNA}): Protocol},
  Year = {2010}
}

@misc{rfc6066,
  Author = {Donald Eastlake},
  Howpublished = {RFC 6066},
  Month = {January},
  Title = {Transport {L}ayer {S}ecurity ({TLS}) Extensions: Extension Definitions},
  Year = {2011}
}

@misc{rfc6698,
  title={The {DNS}-based Authentication of Named Entities ({DANE}) Transport
    Layer Security ({TLS}) Protocol: {TLSA}},
  author={Paul Hoffman and Jakob Schlyter},
  month={August},
  year={2012},
  howpublished={RFC 6698}
}

@misc{rfc6797,
  Author = {Jeff Hodges and Collin Jackson and Adam Barth},
  Howpublished = {RFC 6797},
  Month = {November},
  Title = {{HTTP} Strict Transport Security ({HSTS})},
  Year = {2012}
}

@misc{rfc6844,
  Author = {Hallam-Baker, Phillip and Stradling, Rob},
  Howpublished = {RFC 6844},
  Month = {January},
  Title = {{DNS} Certificate Authority Authorization ({CAA}) Resource Record},
  Year = {2013}
}

@misc{rfc6960,
  Author = {Stefan Santesson and Michael Myers and Rich Ankney and Ambarish Malpani and Slava Galperin and Carlisle Adams},
  Howpublished = {RFC 6960},
  Month = {June},
  Title = {X.509 {I}nternet Public Key Infrastructure Online Certificate Status Protocol - {OCSP}},
  Year = {2013}
}

@misc{rfc6962,
  Author = {Ben Laurie and Adam Langley and Emilia Kasper},
  Howpublished = {RFC 6962},
  Month = {June},
  Title = {Certificate Transparency},
  Year = {2013}
}

@misc{rfc7469,
  Author = {Evans, Chris and Palmer, Chris and Sleevi, Ryan},
  Howpublished = {RFC 7469},
  Month = {April},
  Title = {Public Key Pinning Extension for {HTTP}},
  Year = {2015}
}

@inproceedings{ryan2014enhanced,
	Author = {Mark D Ryan},
	Booktitle = {Network and Distributed System Security Symposium (NDSS)},
	Month = {February},
	Organization = {NDSS},
	Title = {Enhanced Certificate Transparency and End-to-End Encrypted Mail},
	Year = {2014}}

@article{salikhov2014using,
	Author = {Salikhov, Kamil and Sacomoto, Gustavo and Kucherov, Gregory},
	Journal = {Algorithms for Molecular Biology},
	Month = {February},
	Number = {2},
	Title = {Using cascading {B}loom filters to improve the memory usage for de {B}rujin graphs},
	Volume = {9},
	Year = {2014}}

@misc{sleevi2015sustaining,
  Author = {Sleevi, Ryan},
  Howpublished = {\url{https://googleonlinesecurity.blogspot.com/2015/10/sustaining-digital-certificate-security.html}},
  Month = {October},
  Title = {Sustaining Digital Certificate Security},
  Year = {2015}
}

@misc{sleevi2016requiring,
  Author = {Sleevi, Ryan and Beattie, Doug and Morton, Bruce and Bowen, Peter},
  Howpublished = {\url{https://groups.google.com/a/chromium.org/forum/\#!msg/ct-policy/78N3SMcqUGw/ykIwHXuqAQAJ}},
  Month = {October},
  Title = {Announcement: Requiring {C}ertificate {T}ransparency in 2017},
  Year = {2016}
}

@misc{sleevi2017certificate,
  Author = {Sleevi, Ryan},
  Howpublished = {\url{https://groups.google.com/a/chromium.org/forum/\#!msg/ct-policy/sz_3W_xKBNY/6jq2ghJXBAAJ}},
  Month = {April},
  Title = {Certificate Transparency in Chrome -- Change to Enforcement Date},
  Year = {2017}
}

@inproceedings{szalachowski2014policert,
  Author = {Pawel Szalachowski and Stephanos Matsumoto and Adrian Perrig},
  Booktitle = {ACM SIGSAC Conference on Computer and Communications Security},
  Title = {{PoliCert}: Secure and Flexible {TLS} Certificate Management},
  Year = {2014}
}

@misc{valsorda2015komodia,
  Author = {Valsorda, Filippo},
  Howpublished = {\url{https://blog.filippo.io/komodia-superfish-ssl-validation-is-broken/}},
  Month = {February},
  Title = {Komodia/{S}uperfish {SSL} Validation is Broken},
  Year = {2015}
}

@inproceedings{vandersloot2016towards,
  Author = {VanderSloot, Benjamin and Amann, Johanna and Bernhard, Matthew and Durumeric, Zakir and Bailey, Michael and Halderman, J Alex},
  Booktitle = {ACM Internet Measurement Conference (IMC)},
  Month = {November},
  Pages = {543--549},
  Title = {Towards a Complete View of the Certificate Ecosystem},
  Year = {2016}
}

@article{yu2016dtki,
  Author = {Yu, Jiangshan and Cheval, Vincent and Ryan, Mark},
  Journal = {The Computer Journal},
  Month = {November},
  Number = {11},
  Pages = {1695--1713},
  Title = {{DTKI}: A New Formalized {PKI} with Verifiable Trusted Parties},
  Volume = {59},
  Year = {2016}
}
