

@inproceedings{basin2014arpki,
	Author = {David Basin and Cas Cremers and Tiffany Hyun-Jin Kim and Adrian Perrig and Ralf Sasse and Pawel Szalachowski},
	Booktitle = {{ACM SIGSAC} Conference on Computer and Communications Security (CCS)},
	Organization = {ACM},
	Pages = {382--393},
	Title = {{ARPKI}: Attack Resilient Public-Key Infrastructure},
	Year = {2014}}

@misc{dnib-14-1,
	Howpublished = {\url{https://www.verisign.com/assets/domain-name-report-Q42016.pdf}},
	Month = {February},
	Title = {The {V}erisign Domain Name Industry Brief},
	Year = {2017}}

@inproceedings{durumeric2015search,
	Author = {Zakir Durumeric and David Adrian and Ariana Mirian and Michael Bailey and J. Alex Halderman},
	Booktitle = {{ACM SIGSAC} Conference on Computer and Communications Security (CCS)},
	Month = October,
	Title = {A Search Engine Backed by {I}nternet-Wide Scanning},
	Year = 2015}

@inproceedings{larisch2017crlite,
	Author = {Larisch, James and Choffnes, David and Levin, Dave and Maggs, Bruce M. and Mislove, Alan and Wilson, Christo},
	Booktitle = {IEEE Symposium on Security and Privacy (S\&P)},
	Month = {May},
	Title = {{CRL}ite: A Scalable System for Pushing All {TLS} Revocations to All Browsers},
	Year = {2017}}

@misc{marlinspike2011ssl,
  Author = {Moxie Marlinspike},
  Howpublished = {\url{http://www.thoughtcrime.org/blog/ssl-and-the-future-of-authenticity}},
  Month = {April},
  Title = {{SSL} and the Future of Authenticity},
  Year = {2011}
}

@inproceedings{matsumoto2017ikp,
  Author = {Matsumoto, Stephanos and Reischuk, Raphael M.},
  Booktitle = {IEEE Symposium on Security and Privacy (S\&P)},
  Month = {May},
  Title = {{IKP}: Turning a {PKI} Around with Decentralized Automated Incentives},
  Year = {2017}
}

@misc{rfc1035,
	Author = {Mockapetris, Paul},
	Howpublished = {RFC 1035},
	Month = {November},
	Title = {Domain Names -- Implementation and Specification},
	Year = {1987}}

@misc{rfc5280,
  Author = {David Cooper and Stefan Santesson and Stephen Farrell and Sharon Boeyen and Russell Housley and Tim Polk},
  Howpublished = {RFC 5280},
  Month = {May},
  Title = {Internet {X}.509 Public Key Infrastructure Certificate and Certificate Revocation List ({CRL}) Profile},
  Year = {2008}
}

@misc{rfc6698,
  title={The {DNS}-based Authentication of Named Entities ({DANE}) Transport
    Layer Security ({TLS}) Protocol: {TLSA}},
  author={Paul Hoffman and Jakob Schlyter},
  month={August},
  year={2012},
  howpublished={RFC 6698}
}

@misc{rfc6844,
	Author = {Hallam-Baker, Phillip and Stradling, Rob},
	Howpublished = {RFC 6844},
	Month = {January},
	Title = {{DNS} Certificate Authority Authorization ({CAA}) Resource Record},
	Year = {2013}}

@misc{rfc6962,
  Author = {Ben Laurie and Adam Langley and Emilia Kasper},
  Howpublished = {RFC 6962},
  Month = {June},
  Title = {Certificate Transparency},
  Year = {2013}
}

@inproceedings{szalachowski2014policert,
  Author = {Pawel Szalachowski and Stephanos Matsumoto and Adrian Perrig},
  Booktitle = {ACM SIGSAC Conference on Computer and Communications Security},
  Title = {{PoliCert}: Secure and Flexible {TLS} Certificate Management},
  Year = {2014}
}

